@misc{datacloudToolbox,
  author       = {DataCloud},
  howpublished = {Online},
  title        = {DataCloud Toolbox},
  year         = {2022},
  note         = {Available at \url{https://datacloud-project.github.io/toolbox}},
}

@misc{datacloudAbout,
  author       = {DataCloud},
  howpublished = {Online},
  title        = {About the Project},
  year         = {2022},
  note         = {Available at \url{https://datacloudproject.eu/project/about-the-project}},
}